<record><leader>00000cas a22000007a 4500</leader><controlfield tag="001">10164316</controlfield><controlfield tag="008">831128d18531uuutxuwr ne      0    0eng d</controlfield><controlfield tag="009">3768</controlfield><datafield ind1=" " ind2=" " tag="010"><subfield code="a">sn 83021362 </subfield></datafield><datafield ind1=" " ind2=" " tag="040"><subfield code="a">NPX</subfield><subfield code="b">eng</subfield><subfield code="c">NPX</subfield><subfield code="d">DLC</subfield><subfield code="d">PPM</subfield></datafield><datafield ind1="1" ind2=" " tag="029"><subfield code="a">AU@</subfield><subfield code="b">000025802683</subfield></datafield><datafield ind1=" " ind2=" " tag="042"><subfield code="a">msc</subfield></datafield><datafield ind1="0" ind2="4" tag="245"><subfield code="a">The Crockett printer.</subfield></datafield><datafield ind1=" " ind2=" " tag="260"><subfield code="a">Crockett, Tex. :</subfield><subfield code="b">O. Dalton,</subfield><subfield code="c">1853-</subfield></datafield><datafield ind1=" " ind2=" " tag="300"><subfield code="a">v.;</subfield><subfield code="c">53 cm.</subfield></datafield><datafield ind1=" " ind2=" " tag="310"><subfield code="a">Weekly</subfield></datafield><datafield ind1="0" ind2=" " tag="362"><subfield code="a">Vol. 1, no. 1 (Dec. 6, 1853)-</subfield></datafield><datafield ind1=" " ind2=" " tag="500"><subfield code="a">Published simultaneously at Sumpter, &lt;1859&gt;-    .</subfield></datafield><datafield ind1="1" ind2=" " tag="700"><subfield code="a">Dalton, Oscar.</subfield></datafield><datafield ind1=" " ind2=" " tag="752"><subfield code="a">United States</subfield><subfield code="b">Texas</subfield><subfield code="c">Houston</subfield><subfield code="d">Crockett.</subfield></datafield><datafield ind1=" " ind2=" " tag="752"><subfield code="a">United States</subfield><subfield code="b">Texas</subfield><subfield code="c">Trinity</subfield><subfield code="d">Sumpter.</subfield></datafield></record>